<?xml version="1.0" encoding="UTF-8"?>
<record>
  <leader>01236naa a2200337 c 4500</leader>
  <controlfield tag="003">DE-605</controlfield>
  <controlfield tag="007">tu</controlfield>
  <controlfield tag="008">251114s2026    gw ||||| ||||||||||1ger c</controlfield>
  <controlfield tag="005">20251114143217.0</controlfield>
  <controlfield tag="001">99376249109106441</controlfield>
  <datafield tag="040" ind1=" " ind2=" ">
    <subfield code="a">DE-6</subfield>
    <subfield code="b">ger</subfield>
    <subfield code="c">DE-6</subfield>
    <subfield code="d">DE-6</subfield>
    <subfield code="e">rda</subfield>
  </datafield>
  <datafield tag="041" ind1=" " ind2=" ">
    <subfield code="a">ger</subfield>
  </datafield>
  <datafield tag="044" ind1=" " ind2=" ">
    <subfield code="c">XA-DE</subfield>
  </datafield>
  <datafield tag="084" ind1=" " ind2=" ">
    <subfield code="a">Rhade</subfield>
    <subfield code="0">https://nwbib.de/spatial#Q1496176</subfield>
    <subfield code="2">nwbib</subfield>
  </datafield>
  <datafield tag="084" ind1=" " ind2=" ">
    <subfield code="a">Sportvereine</subfield>
    <subfield code="0">https://nwbib.de/subjects#N736050</subfield>
    <subfield code="2">nwbib</subfield>
  </datafield>
  <datafield tag="100" ind1="1" ind2=" ">
    <subfield code="a">Hartwich, Dirk</subfield>
    <subfield code="d">1945-</subfield>
    <subfield code="0">(DE-588)112705693X</subfield>
    <subfield code="4">aut</subfield>
    <subfield code="0">https://d-nb.info/gnd/112705693X</subfield>
    <subfield code="0">http://viaf.org/viaf/63148933378454300790</subfield>
    <subfield code="B">GND-112705693X</subfield>
  </datafield>
  <datafield tag="245" ind1="1" ind2="0">
    <subfield code="a">&lt;&lt;Ein&gt;&gt; Sportverein bewegt Rhade - seit 100 Jahren</subfield>
    <subfield code="b">Festschrift als lokales Sportgeschichtsbuch</subfield>
    <subfield code="c">Dirk Hartwich und Georg Lammers</subfield>
  </datafield>
  <datafield tag="264" ind1=" " ind2="1">
    <subfield code="a">Dorsten</subfield>
    <subfield code="c">2026</subfield>
  </datafield>
  <datafield tag="300" ind1=" " ind2=" ">
    <subfield code="b">Illustrationen</subfield>
  </datafield>
  <datafield tag="336" ind1=" " ind2=" ">
    <subfield code="b">txt</subfield>
  </datafield>
  <datafield tag="337" ind1=" " ind2=" ">
    <subfield code="b">n</subfield>
  </datafield>
  <datafield tag="338" ind1=" " ind2=" ">
    <subfield code="b">nc</subfield>
  </datafield>
  <datafield tag="689" ind1="0" ind2="0">
    <subfield code="a">SSV Rhade</subfield>
    <subfield code="g">Körperschaft</subfield>
    <subfield code="D">b</subfield>
    <subfield code="0">(DE-588)1381620914</subfield>
    <subfield code="B">GND-1381620914</subfield>
  </datafield>
  <datafield tag="689" ind1="0" ind2="1">
    <subfield code="a">Festschrift</subfield>
    <subfield code="D">s</subfield>
    <subfield code="0">(DE-588)4016928-5</subfield>
    <subfield code="B">GND-040169286</subfield>
  </datafield>
  <datafield tag="689" ind1="0" ind2="2">
    <subfield code="a">Jubiläum</subfield>
    <subfield code="D">s</subfield>
    <subfield code="0">(DE-588)4129003-3</subfield>
    <subfield code="B">GND-041290038</subfield>
  </datafield>
  <datafield tag="689" ind1="0" ind2="3">
    <subfield code="a">Geschichte 1925-2025</subfield>
    <subfield code="A">z</subfield>
  </datafield>
  <datafield tag="960" ind1="1" ind2=" ">
    <subfield code="n">NWBib-6</subfield>
  </datafield>
  <datafield tag="700" ind1="1" ind2=" ">
    <subfield code="a">Lammers, Georg</subfield>
    <subfield code="4">aut</subfield>
  </datafield>
  <datafield tag="773" ind1="0" ind2="8">
    <subfield code="i">Enthalten in</subfield>
    <subfield code="t">Jahrbuch ... / Herausgeber: Heimatbund Herrlichkeit Lembeck und Stadt Dorsten e.V.</subfield>
    <subfield code="d">Dorsten, 2026</subfield>
    <subfield code="g">85. Jahrgang (2026), Seite 85-89</subfield>
    <subfield code="w">(DE-600)3172007-9</subfield>
  </datafield>
  <datafield tag="035" ind1=" " ind2=" ">
    <subfield code="a">(DE-605)HT031318515</subfield>
  </datafield>
  <datafield tag="035" ind1=" " ind2=" ">
    <subfield code="a">(DE-599)HBZHT031318515</subfield>
  </datafield>
  <datafield tag="MBD" ind1=" " ind2=" ">
    <subfield code="M">49HBZ_NETWORK</subfield>
    <subfield code="i">99376249109106441</subfield>
    <subfield code="n">HBZ Network</subfield>
  </datafield>
  <datafield tag="MNG" ind1=" " ind2=" ">
    <subfield code="c">System</subfield>
    <subfield code="f">49HBZ_NETWORK</subfield>
    <subfield code="i">marc21</subfield>
    <subfield code="l">56</subfield>
    <subfield code="k">01</subfield>
    <subfield code="e">false</subfield>
    <subfield code="d">2025-11-19 04:41:42 Europe/Berlin</subfield>
    <subfield code="g">99376249109106441</subfield>
    <subfield code="j">60</subfield>
    <subfield code="a">dfaber######49HBZ_ULM</subfield>
    <subfield code="b">2025-11-14 14:32:17 Europe/Berlin</subfield>
  </datafield>
  <datafield tag="GSI" ind1="7" ind2=" ">
    <subfield code="a">http://d-nb.info/gnd/112705693X</subfield>
    <subfield code="2">uri</subfield>
    <subfield code="A">GND</subfield>
    <subfield code="B">GND-112705693X</subfield>
    <subfield code="C">024</subfield>
  </datafield>
  <datafield tag="GST" ind1=" " ind2=" ">
    <subfield code="a">Jubiläumsfeier</subfield>
    <subfield code="A">GND</subfield>
    <subfield code="B">GND-041290038</subfield>
    <subfield code="C">450</subfield>
  </datafield>
  <datafield tag="GST" ind1=" " ind2=" ">
    <subfield code="a">Jubiläen</subfield>
    <subfield code="A">GND</subfield>
    <subfield code="B">GND-041290038</subfield>
    <subfield code="C">450</subfield>
  </datafield>
  <datafield tag="GSI" ind1="7" ind2=" ">
    <subfield code="a">http://d-nb.info/gnd/4129003-3</subfield>
    <subfield code="2">uri</subfield>
    <subfield code="A">GND</subfield>
    <subfield code="B">GND-041290038</subfield>
    <subfield code="C">024</subfield>
  </datafield>
  <datafield tag="GST" ind1=" " ind2=" ">
    <subfield code="a">Gedächtnisschrift</subfield>
    <subfield code="g">Festschrift</subfield>
    <subfield code="A">GND</subfield>
    <subfield code="B">GND-040169286</subfield>
    <subfield code="C">450</subfield>
  </datafield>
  <datafield tag="GST" ind1=" " ind2=" ">
    <subfield code="a">Gedenkschrift</subfield>
    <subfield code="A">GND</subfield>
    <subfield code="B">GND-040169286</subfield>
    <subfield code="C">450</subfield>
  </datafield>
  <datafield tag="GST" ind1=" " ind2=" ">
    <subfield code="a">Festschriften</subfield>
    <subfield code="A">GND</subfield>
    <subfield code="B">GND-040169286</subfield>
    <subfield code="C">450</subfield>
  </datafield>
  <datafield tag="GSI" ind1="7" ind2=" ">
    <subfield code="a">4016928-5</subfield>
    <subfield code="0">http://d-nb.info/gnd/4016928-5</subfield>
    <subfield code="2">gnd</subfield>
    <subfield code="A">GND</subfield>
    <subfield code="B">GND-040169286</subfield>
    <subfield code="C">024</subfield>
  </datafield>
  <datafield tag="GKT" ind1="2" ind2=" ">
    <subfield code="a">SSV Rhade e.V.</subfield>
    <subfield code="A">GND</subfield>
    <subfield code="B">GND-1381620914</subfield>
    <subfield code="C">410</subfield>
  </datafield>
  <datafield tag="GKT" ind1="2" ind2=" ">
    <subfield code="a">Spiel- und Sportverein Rhade</subfield>
    <subfield code="A">GND</subfield>
    <subfield code="B">GND-1381620914</subfield>
    <subfield code="C">410</subfield>
  </datafield>
  <datafield tag="GKT" ind1="2" ind2=" ">
    <subfield code="a">Spiel- und Sportverein Rhade 1925</subfield>
    <subfield code="A">GND</subfield>
    <subfield code="B">GND-1381620914</subfield>
    <subfield code="C">410</subfield>
  </datafield>
  <datafield tag="GKT" ind1="2" ind2=" ">
    <subfield code="a">Spiel- und Sportverein Rhade 1925 e.V.</subfield>
    <subfield code="4">nauv</subfield>
    <subfield code="i">Unveraenderte Form</subfield>
    <subfield code="A">GND</subfield>
    <subfield code="B">GND-1381620914</subfield>
    <subfield code="C">410</subfield>
  </datafield>
  <datafield tag="GSI" ind1="7" ind2=" ">
    <subfield code="a">1381620914</subfield>
    <subfield code="0">http://d-nb.info/gnd/1381620914</subfield>
    <subfield code="2">gnd</subfield>
    <subfield code="A">GND</subfield>
    <subfield code="B">GND-1381620914</subfield>
    <subfield code="C">024</subfield>
  </datafield>
</record>
